@ARTICLE{2018arXiv181010654P,
author = {{Pinto}, Lerrel and {Mandalika}, Aditya and {Hou}, Brian and {Srinivasa}, Siddhartha},
title = {Sample-Efficient Learning of Nonprehensile Manipulation Policies via Physics-Based Informed State Distributions},
journal = {arXiv e-prints},
keywords = {Computer Science - Robotics, Computer Science - Artificial Intelligence, Computer Science - Machine Learning},
year = {2018},
month = {Oct},
eid = {arXiv:1810.10654},
pages = {arXiv:1810.10654},
archivePrefix = {arXiv},
eprint = {1810.10654},
primaryClass = {cs.RO},
adsurl = {https://ui.adsabs.harvard.edu/abs/2018arXiv181010654P},
adsnote = {Provided by the SAO/NASA Astrophysics Data System}}

@Article{Akbari2019,
author="Akbari, Aliakbar and Lagriffoul, Fabien and Rosell, Jan",
title="Combined heuristic task and motion planning for bi-manual robots",
journal="Autonomous Robots",
year="2019",
month="Aug",
day="01",
volume="43",
number="6",
pages="1575--1590",
issn="1573-7527",
doi="10.1007/s10514-018-9817-3",
url="https://doi.org/10.1007/s10514-018-9817-3"
}

@INPROCEEDINGS{Han-RSS-17, 
author = {Shuai Han and Nicholas Stiffler and Athanasios Krontiris and Kostas Bekris and Jingjin Yu}, 
title = {High-Quality Tabletop Rearrangement with Overhand Grasps: Hardness Results and Fast Methods}, 
booktitle = {Proceedings of Robotics: Science and Systems}, 
year = {2017}, 
address = {Cambridge, Massachusetts}, 
month = {July}, 
doi = {10.15607/RSS.2017.XIII.051}
}

@INPROCEEDINGS{4209604,
author={Stilman, Mike and Schamburek, Jan-Ullrich and Kuffner, James and Asfour, Tamim},
booktitle={Proceedings 2007 IEEE International Conference on Robotics and Automation}, 
title={Manipulation Planning Among Movable Obstacles}, 
year={2007},
volume={},
number={},
pages={3327-3332},
doi={10.1109/ROBOT.2007.363986}
}