
@article{doi:10.1142/S0219843605000545,
author = {STILMAN, MIKE and KUFFNER, JAMES J.},
title = {NAVIGATION AMONG MOVABLE OBSTACLES: REAL-TIME REASONING IN COMPLEX ENVIRONMENTS},
journal = {International Journal of Humanoid Robotics},
volume = {02},
number = {04},
pages = {479-503},
year = {2005},
doi = {10.1142/S0219843605000545},
URL = {https://doi.org/10.1142/S0219843605000545},
eprint = {https://doi.org/10.1142/S0219843605000545}}

@INPROCEEDINGS{4209604,
author={M. {Stilman} and J. {Schamburek} and J. {Kuffner} and T. {Asfour}},
booktitle={Proceedings 2007 IEEE International Conference on Robotics and Automation},
title={Manipulation Planning Among Movable Obstacles},
year={2007},
volume={},
number={},
pages={3327-3332},
keywords={manipulators;motion control;path planning;search problems;manipulation planning;movable obstacles;resolve spatial constraints algorithm;nonlinear search space;reverse-time search;object surface sampling;object placements;task-space motion;Orbital robotics;Robot kinematics;Motion planning;Robotics and automation;Robotic assembly;Motion analysis;Object detection;Manipulators;USA Councils;Computer science},
doi={10.1109/ROBOT.2007.363986},
ISSN={1050-4729},
month={April},}

@article{doi:10.1287/opre.48.2.256.12386,
author = {Martello, Silvano and Pisinger, David and Vigo, Daniele},
title = {The Three-Dimensional Bin Packing Problem},
journal = {Operations Research},
volume = {48},
number = {2},
pages = {256-267},
year = {2000},
doi = {10.1287/opre.48.2.256.12386},
URL = {https://pubsonline.informs.org/doi/abs/10.1287/opre.48.2.256.12386},
eprint = {https://pubsonline.informs.org/doi/pdf/10.1287/opre.48.2.256.12386}}

@book{Martello:1990:KPA:98124,
author = {Martello, Silvano and Toth, Paolo},
title = {Knapsack Problems: Algorithms and Computer Implementations},
pages = {221-222},
year = {1990},
isbn = {0-471-92420-2},
publisher = {John Wiley \& Sons, Inc.},
address = {New York, NY, USA},}

@INPROCEEDINGS{1699272,
author={J. {Kirkegaard} and T. B. {Moeslund}},
booktitle={18th International Conference on Pattern Recognition (ICPR'06)},
title={Bin-Picking based on Harmonic Shape Contexts and Graph-Based Matching},
year={2006},
volume={2},
number={},
pages={581-584},
keywords={bin packing;feature extraction;harmonic shape contexts;graph-based matching;bin-picking problem;3D data;feature extraction;Shape;Computer vision;Service robots;Robot sensing systems;Robotics and automation;Feature extraction;Data mining;Noise shaping;Computer industry;Application software},
doi={10.1109/ICPR.2006.325},
ISSN={1051-4651},
month={Aug},}

@article{BISCHOFF1995377,
title = "Issues in the development of approaches to container loading",
journal = "Omega",
volume = "23",
number = "4",
pages = "377 - 390",
year = "1995",
issn = "0305-0483",
doi = "https://doi.org/10.1016/0305-0483(95)00015-G",
url = "http://www.sciencedirect.com/science/article/pii/030504839500015G",
author = "E.E. Bischoff and M.S.W. Ratcliff",
keywords = "containers, space utilization, multicriteria, benchmarks",}

@article{GONCALVES2012179,
title = "A parallel multi-population biased random-key genetic algorithm for a container loading problem",
journal = "Computers \& Operations Research",
volume = "39",
number = "2",
pages = "179 - 190",
year = "2012",
issn = "0305-0548",
doi = "https://doi.org/10.1016/j.cor.2011.03.009",
url = "http://www.sciencedirect.com/science/article/pii/S0305054811000827",
author = "José Fernando Gonçalves and Mauricio G.C. Resende",
keywords = "Container loading, 3D packing, Genetic algorithm, Multi-population, Random keys",}

@article{BORTFELDT2001143,
title = "A hybrid genetic algorithm for the container loading problem",
journal = "European Journal of Operational Research",
volume = "131",
number = "1",
pages = "143 - 161",
year = "2001",
issn = "0377-2217",
doi = "https://doi.org/10.1016/S0377-2217(00)00055-2",
url = "http://www.sciencedirect.com/science/article/pii/S0377221700000552",
author = "Andreas Bortfeldt and Hermann Gehring",
keywords = "Packing, Container loading problem, Three-dimensional knapsack problem, Genetic algorithm",}

@ARTICLE{1492318,
author={A. {Moura} and J. F. {Oliveira}},
journal={IEEE Intelligent Systems},
title={A GRASP approach to the container-loading problem},
year={2005},
volume={20},
number={4},
pages={50-57},
keywords={goods distribution;computational complexity;containers;loading;greedy algorithms;search problems;container-loading problem;GRMODGRASP algorithm;greedy randomized adaptive search procedure;load stability;Containers;Stability;Road transportation;Logistics;container-loading problem;GRASP (greedy randomized adaptive search procedure);cargo stability},
doi={10.1109/MIS.2005.57},
ISSN={1941-1294},
month={July},}

@article{Yao:2015:LPP:2816795.2818064,
author = {Yao, Miaojun and Chen, Zhili and Luo, Linjie and Wang, Rui and Wang, Huamin},
title = {Level-set-based Partitioning and Packing Optimization of a Printable Model},
journal = {ACM Trans. Graph.},
issue_date = {November 2015},
volume = {34},
number = {6},
month = oct,
year = {2015},
issn = {0730-0301},
pages = {214:1--214:11},
articleno = {214},
numpages = {11},
url = {http://doi.acm.org/10.1145/2816795.2818064},
doi = {10.1145/2816795.2818064},
acmid = {2818064},
publisher = {ACM},
address = {New York, NY, USA},
keywords = {3D packing, 3D printing, mesh segmentation, multi-phase level set, shape optimization, shape partitioning},}

@article{CHEN1992145,
title = "Object modelling by registration of multiple range images",
journal = "Image and Vision Computing",
volume = "10",
number = "3",
pages = "145 - 155",
year = "1992",
note = "Range Image Understanding",
issn = "0262-8856",
doi = "https://doi.org/10.1016/0262-8856(92)90066-C",
url = "http://www.sciencedirect.com/science/article/pii/026288569290066C",
author = "Yang Chen and Gérard Medioni",
keywords = "object modelling, 3D surface registration, range image registration",}

@INPROCEEDINGS{5152739,
author={A. {Collet} and D. {Berenson} and S. S. {Srinivasa} and D. {Ferguson}},
booktitle={2009 IEEE International Conference on Robotics and Automation},
title={Object recognition and full pose registration from a single image for robotic manipulation},
year={2009},
volume={},
number={},
pages={48-55},
keywords={Object recognition;Layout;Robot kinematics;Robotics and automation;Robustness;Cameras;Testing;Robot vision systems;Clustering algorithms;Feature extraction},
doi={10.1109/ROBOT.2009.5152739},
ISSN={1050-4729},
month={May},}

@INPROCEEDINGS{6239716,
author={Y. {Feng} and Y. {Yang} and Z. {Xu} and Y. {Liu}},
booktitle={2012 Sixth International Conference on Internet Computing for Science and Engineering},
title={An Efficiency Collision Detection Algorithm for Rigid Objects},
year={2012},
volume={},
number={},
pages={42-46},
keywords={bone;computerised tomography;medical computing;prosthetics;solid modelling;surgery;efficiency collision detection algorithm;surgery planning;rigid object collisions;3D CT reconstruction;virtual rigid object detection optimisation;assurance analysis;reliability analysis;computer graphics;thighbone;relative proximity;very-elongated rigid objects;nearest-neighbor list method;bounding-oriented box;method vilification;Joints;Equations;Mathematical model;Calendars;Hip;Numerical models;Computational modeling;collision detection;rigid objects;joint modeling},
doi={10.1109/ICICSE.2012.19},
ISSN={2330-9857},
month={April},}

@INPROCEEDINGS{5756828,
author={A. {Pochyly} and T. {Kubela} and M. {Kozak} and P. {Cihak}},
booktitle={ISR 2010 (41st International Symposium on Robotics) and ROBOTIK 2010 (6th German Conference on Robotics)},
title={Robotic Vision for Bin-Picking Applications of Various Objects},
year={2010},
volume={},
number={},
pages={1-5},
keywords={Machine vision;Three dimensional displays;Grippers;Service robots;Industries;Technology transfer},
doi={},
ISSN={null},
month={June},}

@ARTICLE{2019arXiv190300984S,
author = {{Shome}, Rahul and {Tang}, Wei N. and {Song}, Changkyu and {Mitash}, Chaitanya and {Kourtev}, Hristiyan and {Yu}, Jingjin and {Boularias}, Abdeslam and {Bekris}, Kostas E.},
title = "{Towards Robust Product Packing with a Minimalistic End-Effector}",
journal = {arXiv e-prints},
keywords = {Computer Science - Robotics},
year = "2019",
month = "Mar",
eid = {arXiv:1903.00984},
pages = {arXiv:1903.00984},
archivePrefix = {arXiv},
eprint = {1903.00984},
primaryClass = {cs.RO},
adsurl = {https://ui.adsabs.harvard.edu/abs/2019arXiv190300984S},
adsnote = {Provided by the SAO/NASA Astrophysics Data System}}

@article{doi:10.1177/0278364911436018,
author = {Ming-Yu Liu and Oncel Tuzel and Ashok Veeraraghavan and Yuichi Taguchi and Tim K Marks and Rama Chellappa},
title ={Fast object localization and pose estimation in heavy clutter for robotic bin picking},
journal = {The International Journal of Robotics Research},
volume = {31},
number = {8},
pages = {951-973},
year = {2012},
doi = {10.1177/0278364911436018},
URL = {https://doi.org/10.1177/0278364911436018},
eprint = {https://doi.org/10.1177/0278364911436018}}

@InProceedings{pmlr-v78-mahler17a,
title = {Learning Deep Policies for Robot Bin Picking by Simulating Robust Grasping Sequences},
author = {Jeffrey Mahler and Ken Goldberg},
booktitle = {Proceedings of the 1st Annual Conference on Robot Learning},
pages = {515--524},
year = {2017},
editor = {Sergey Levine and Vincent Vanhoucke and Ken Goldberg},
volume = {78},
series = {Proceedings of Machine Learning Research},
address = {},
month = {13--15 Nov},
publisher = {PMLR},
pdf = {http://proceedings.mlr.press/v78/mahler17a/mahler17a.pdf},
url = {http://proceedings.mlr.press/v78/mahler17a.html},}

@article{doi:10.1177/0278364917739114,
author = {Caelan Reed Garrett and Tomás Lozano-Pérez and Leslie Pack Kaelbling},
title ={FFRob: Leveraging symbolic planning for efficient task and motion planning},
journal = {The International Journal of Robotics Research},
volume = {37},
number = {1},
pages = {104-136},
year = {2018},
doi = {10.1177/0278364917739114},
URL = {https://doi.org/10.1177/0278364917739114},
eprint = {https://doi.org/10.1177/0278364917739114}}

@article{doi:10.1163/156855307782227408,
author = { Mike   Stilman  and  Koichi   Nishiwaki  and  Satoshi   Kagami  and  James J.   Kuffner },
title = {Planning and executing navigation among movable obstacles},
journal = {Advanced Robotics},
volume = {21},
number = {14},
pages = {1617-1634},
year  = {2007},
publisher = {Taylor \& Francis},
doi = {10.1163/156855307782227408},
URL = {https://doi.org/10.1163/156855307782227408},
eprint = {https://doi.org/10.1163/156855307782227408}}

@INPROCEEDINGS{8625041,
author={W. C. {Agboh} and M. R. {Dogar}},
booktitle={2018 IEEE-RAS 18th International Conference on Humanoid Robots (Humanoids)},
title={Real-Time Online Re-Planning for Grasping Under Clutter and Uncertainty},
year={2018},
volume={},
number={},
pages={1-8},
keywords={manipulators;optimal control;optimisation;path planning;real time online re-planning;real time re-planning cycles;easily parallelizable stochastic trajectory optimization;fluent execution;long planning times;online re-planning approach;multibody multicontact physical system;open-loop execution;motion planners;clutter;grasping;Robots;Grasping;Clutter;Uncertainty;Planning;Trajectory optimization},
doi={10.1109/HUMANOIDS.2018.8625041},
ISSN={2164-0572},
month={Nov},}

@unpublished{mirabel:hal-01281348,
TITLE = {{Constraint Graphs: Unifying task and motion planning for Navigation and Manipulation Among Movable Obstacles}},
AUTHOR = {Mirabel, Joseph and Lamiraux, Florent},
URL = {https://hal.archives-ouvertes.fr/hal-01281348},
NOTE = {working paper or preprint},
HAL_LOCAL_REFERENCE = {Rapport LAAS n{\textdegree} 16030},
YEAR = {2016},
MONTH = Mar,
PDF = {https://hal.archives-ouvertes.fr/hal-01281348/file/root.pdf},
HAL_ID = {hal-01281348},
HAL_VERSION = {v1},}

@Article{Akbari2019,
author="Akbari, Aliakbar
and Lagriffoul, Fabien
and Rosell, Jan",
title="Combined heuristic task and motion planning for bi-manual robots",
journal="Autonomous Robots",
year="2019",
month="Aug",
day="01",
volume="43",
number="6",
pages="1575--1590",
issn="1573-7527",
doi="10.1007/s10514-018-9817-3",
url="https://doi.org/10.1007/s10514-018-9817-3"
}

@ARTICLE{2019arXiv190103557H,
author = {{Haustein}, Joshua A. and {Arnekvist}, Isac and {Stork}, Johannes and {Hang}, Kaiyu and {Kragic}, Danica},
title = "{Learning Manipulation States and Actions for Efficient Non-prehensile Rearrangement Planning}",
journal = {arXiv e-prints},
keywords = {Computer Science - Robotics},
year = "2019",
month = "Jan",
eid = {arXiv:1901.03557},
pages = {arXiv:1901.03557},
archivePrefix = {arXiv},
eprint = {1901.03557},
primaryClass = {cs.RO},
adsurl = {https://ui.adsabs.harvard.edu/abs/2019arXiv190103557H},
adsnote = {Provided by the SAO/NASA Astrophysics Data System}}

@INPROCEEDINGS{7487583,
author={J. E. {King} and M. {Cognetti} and S. S. {Srinivasa}},
booktitle={2016 IEEE International Conference on Robotics and Automation (ICRA)},
title={Rearrangement planning using object-centric and robot-centric action spaces},
year={2016},
volume={},
number={},
pages={3940-3947},
keywords={manipulators;mobile robots;path planning;trajectory control;rearrangement planning;object-centric action spaces;robot-centric action spaces;robot trajectory;rearrangement planning problem;object contact;arm interaction;mobile robot;household manipulator;Planning;Physics;Manipulators;Aerospace electronics;Trajectory;Clutter},
doi={10.1109/ICRA.2016.7487583},
ISSN={null},
month={May},}

@INPROCEEDINGS{8462863,
author={W. {Yuan} and J. A. {Stork} and D. {Kragic} and M. Y. {Wang} and K. {Hang}},
booktitle={2018 IEEE International Conference on Robotics and Automation (ICRA)},
title={Rearrangement with Nonprehensile Manipulation Using Deep Reinforcement Learning},
year={2018},
volume={},
number={},
pages={270-277},
keywords={learning (artificial intelligence);manipulators;mobile robots;path planning;potential field-based heuristic exploration strategy;deep Q-network;nonprehensile rearrangement strategy;physical environment;physical world;skillful interaction;tabletop surface;rearranging objects;deep reinforcement learning;nonprehensile manipulation;quicker learning;training process;Planning;Task analysis;Robots;Tools;Cameras;Visualization;Training},
doi={10.1109/ICRA.2018.8462863},
ISSN={2577-087X},
month={May},}

@ARTICLE{2018arXiv181010654P,
author = {{Pinto}, Lerrel and {Mandalika}, Aditya and {Hou}, Brian and {Srinivasa}, Siddhartha},
title = "{Sample-Efficient Learning of Nonprehensile Manipulation Policies via Physics-Based Informed State Distributions}",
journal = {arXiv e-prints},
keywords = {Computer Science - Robotics, Computer Science - Artificial Intelligence, Computer Science - Machine Learning},
year = "2018",
month = "Oct",
eid = {arXiv:1810.10654},
pages = {arXiv:1810.10654},
archivePrefix = {arXiv},
eprint = {1810.10654},
primaryClass = {cs.RO},
adsurl = {https://ui.adsabs.harvard.edu/abs/2018arXiv181010654P},
adsnote = {Provided by the SAO/NASA Astrophysics Data System}}

@INPROCEEDINGS{7139535,
author={J. E. {King} and J. A. {Haustein} and S. S. {Srinivasa} and T. {Asfour}},
booktitle={2015 IEEE International Conference on Robotics and Automation (ICRA)},
title={Nonprehensile whole arm rearrangement planning on physics manifolds},
year={2015},
volume={},
number={},
pages={2508-2515},
keywords={manipulators;planning (artificial intelligence);nonprehensile whole arm rearrangement planning;randomized kinodynamic planner;robot;manipulator;trajectory generation;full arm manipulation;simultaneous object interaction;physics manifolds;Manipulators;Planning;Physics;Trajectory;Measurement;Manifolds},
doi={10.1109/ICRA.2015.7139535},
ISSN={1050-4729},
month={May},}

@ARTICLE{2018arXiv181012202S,
author = {{Shome}, Rahul and {Solovey}, Kiril and {Yu}, Jingjin and {Bekris}, Kostas and {Halperin}, Dan},
title = "{Fast, High-Quality Dual-Arm Rearrangement in Synchronous, Monotone Tabletop Setups}",
journal = {arXiv e-prints},
keywords = {Computer Science - Robotics},
year = "2018",
month = "Oct",
eid = {arXiv:1810.12202},
pages = {arXiv:1810.12202},
archivePrefix = {arXiv},
eprint = {1810.12202},
primaryClass = {cs.RO},
adsurl = {https://ui.adsabs.harvard.edu/abs/2018arXiv181012202S},
adsnote = {Provided by the SAO/NASA Astrophysics Data System}}

@ARTICLE{2017arXiv170509180H,
author = {{Han}, Shuai D. and {Stiffler}, Nicholas M. and {Krontiris}, Athansios and {Bekris}, Kostas E. and {Yu}, Jingjin},
title = "{High-Quality Tabletop Rearrangement with Overhand Grasps: Hardness Results and Fast Methods}",
journal = {arXiv e-prints},
keywords = {Computer Science - Robotics},
year = "2017",
month = "May",
eid = {arXiv:1705.09180},
pages = {arXiv:1705.09180},
archivePrefix = {arXiv},
eprint = {1705.09180},
primaryClass = {cs.RO},
adsurl = {https://ui.adsabs.harvard.edu/abs/2017arXiv170509180H},
adsnote = {Provided by the SAO/NASA Astrophysics Data System}}

@INPROCEEDINGS{7487581,
author={A. {Krontiris} and K. E. {Bekris}},
booktitle={2016 IEEE International Conference on Robotics and Automation (ICRA)},
title={Efficiently solving general rearrangement tasks: A fast extension primitive for an incremental sampling-based planner},
year={2016},
volume={},
number={},
pages={3924-3931},
keywords={collision avoidance;graph theory;manipulators;probability;fast extension primitive;efficiently solving general rearrangement tasks;incremental sampling;manipulating multiple movable obstacles;monotone instances;backtracking search;monotone rearrangement instances;graph dependency;minimum constraint removal paths;MCR;topological sorting;probabilistic completeness;manipulators;Search problems;Manipulators;Magnetic resonance;Sorting;Probabilistic logic;Context},
doi={10.1109/ICRA.2016.7487581},
ISSN={null},
month={May},}

